@Electronic{ASGEUPOS2021,
  author       = {{ASG EUPOS}},
  howpublished = {\url{http://www.asgeupos.pl/index.php?wpg_type=tech_transf&sub=xyz_blh}},
  title        = {{Strona internetowa ASG-EUPOS}},
  year         = {2021},
}

@Article{Kadaj2001,
  author       = {{prof. dr hab. inż. Roman Kadaj}},
  title        = {{Opracowanie naukowe}},
  year         = {2001},
  howpublished = {\url{https://ewmapa.pl/dane/wytyczne_g-1.10.pdf}},
}

@Article{Kadaj,
  author       = {{prof. dr hab. inż. Roman Kadaj}},
  title        = {{Opracowanie naukowe}},
  year         = {2002},
  howpublished = {\url{http://www.geonet.net.pl/images/2002_12_uklady_wspolrz.pdf}},
}

@Comment{jabref-meta: databaseType:bibtex;}
